
\begin{thebibliography}{9}


%%%%%%%%%%%%%%%%%%%%%%
% CMS Detector
%%%%%%%%%%%%%%%%%%%%%%

@Article{Chatrchyan:2008zzk,
     author    = "Chatrchyan, S. and others",
     collaboration = "CMS",
     title     = "The {CMS} experiment at the {CERN} {LHC}",
     journal   = "JINST",
     volume    = "3",
     year      = "2008",
     pages     = "S08004",
     doi       = "10.1088/1748-0221/3/08/S08004"
}



%%%%%%%%%%%%%%%%%%%%%%
% Higgs Discovery
%%%%%%%%%%%%%%%%%%%%%%

@article{Aad:2012tfa,
      author         = "Aad, Georges and others",
      title          = "{Observation of a new particle in the search for the
                        Standard Model Higgs boson with the ATLAS detector at the
                        LHC}",
      collaboration  = "ATLAS",
      journal        = "Phys.Lett.B",
      volume         = "716",
      pages          = "1",
      doi            = "10.1016/j.physletb.2012.08.020",
      year           = "2012",
      eprint         = "1207.7214",
      archivePrefix  = "arXiv",
      primaryClass   = "hep-ex",
      reportNumber   = "CERN-PH-EP-2012-218",
      SLACcitation   = "%%CITATION = ARXIV:1207.7214;%%"
}

@article{Chatrchyan:2012ufa,
      author         = "Chatrchyan, Serguei and others",
      title          = "{Observation of a new boson at a mass of 125 GeV with the
                        CMS experiment at the LHC}",
      collaboration  = "CMS",
      journal        = "Phys.Lett.B",
      volume         = "716",
      pages          = "30",
      doi            = "10.1016/j.physletb.2012.08.021",
      year           = "2012",
      eprint         = "1207.7235",
      archivePrefix  = "arXiv",
      primaryClass   = "hep-ex",
      reportNumber   = "CMS-HIG-12-028, CERN-PH-EP-2012-220",
      SLACcitation   = "%%CITATION = ARXIV:1207.7235;%%",
}

%%%%%%%%%%%%%%%%%%%%%%%
%% Z+b
%%%%%%%%%%%%%%%%%%%%%%%
@article{Chatrchyan:2012vr,
      author         = "Chatrchyan, Serguei and others",
      title          = "{Measurement of the Z/gamma*+b-jet cross section in pp
                        collisions at 7 TeV}",
      collaboration  = "CMS",
      journal        = "JHEP",
      volume         = "06",
      pages          = "126",
      doi            = "10.1007/JHEP06(2012)126",
      year           = "2012",
      eprint         = "1204.1643",
      archivePrefix  = "arXiv",
      primaryClass   = "hep-ex",
      reportNumber   = "CMS-EWK-11-012, CERN-PH-EP-2012-049",
      SLACcitation   = "%%CITATION = ARXIV:1204.1643;%%",
}

@article{Chatrchyan:2014dha,
      author         = "Chatrchyan, Serguei and others",
      title          = "{Measurement of the production cross sections for a Z
                        boson and one or more b jets in pp collisions at sqrt(s) =
                        7 TeV}",
      collaboration  = "CMS",
      journal        = "JHEP",
      volume         = "06",
      pages          = "120",
      doi            = "10.1007/JHEP06(2014)120",
      year           = "2014",
      eprint         = "1402.1521",
      archivePrefix  = "arXiv",
      primaryClass   = "hep-ex",
      reportNumber   = "CMS-SMP-13-004, CERN-PH-EP-2014-005",
      SLACcitation   = "%%CITATION = ARXIV:1402.1521;%%",
}

@article{Chatrchyan:2013zja,
      author         = "Chatrchyan, Serguei and others",
      title          = "{Measurement of the cross section and angular
                        correlations for associated production of a Z boson with b
                        hadrons in pp collisions at sqrt(s) = 7 TeV}",
      collaboration  = "CMS",
      journal        = "JHEP",
      volume         = "12",
      pages          = "39",
      doi            = "10.1007/JHEP12(2013)039",
      year           = "2013",
      eprint         = "1310.1349",
      archivePrefix  = "arXiv",
      primaryClass   = "hep-ex",
      reportNumber   = "CMS-EWK-11-015, CERN-PH-EP-2013-153",
      SLACcitation   = "%%CITATION = ARXIV:1310.1349;%%",
}

@article{Aad:2011jn,
      author         = "Aad, Georges and others",
      title          = "{Measurement of the cross-section for b-jets produced
                        in association with a Z boson at sqrt(s)=7 TeV with
                        the ATLAS detector}",
      collaboration  = "ATLAS",
      journal        = "Phys.Lett.B",
      volume         = "706",
      pages          = "295",
      doi            = "10.1016/j.physletb.2011.11.059",
      year           = "2012",
      eprint         = "1109.1403",
      archivePrefix  = "arXiv",
      primaryClass   = "hep-ex",
      reportNumber   = "CERN-PH-EP-2011-133",
      SLACcitation   = "%%CITATION = ARXIV:1109.1403;%%",
}

@article{Aad:2014dvb,
      author         = "Aad, Georges and others",
      title          = "{Measurement of differential production cross-sections
                        for a Z boson in association with b-jets in 7 TeV
                        proton-proton collisions with the ATLAS detector}",
      journal        = "JHEP",
      volume         = "10",
      pages          = "141",
      collaboration  = "ATLAS",
      doi            = "10.1007/JHEP10(2014)141",
      year           = "2014",
      eprint         = "1407.3643",
      archivePrefix  = "arXiv",
      primaryClass   = "hep-ex",
      reportNumber   = "CERN-PH-EP-2014-118",
      SLACcitation   = "%%CITATION = ARXIV:1407.3643;%%",
}

%%%%%%%%%%%%%%%%
%% W+b
%%%%%%%%%%%%%%%%%
@article{Chatrchyan:2013uza,
      author         = "Chatrchyan, Serguei and others",
      title          = "{Measurement of the production cross section for a W
                        boson and two b jets in pp collisions at sqrt(s) = 7 TeV}",
      collaboration  = "CMS",
      journal        = "Phys.Lett.B",
      volume         = "735",
      pages          = "204",
      doi            = "10.1016/j.physletb.2014.06.041",
      year           = "2014",
      eprint         = "1312.6608",
      archivePrefix  = "arXiv",
      primaryClass   = "hep-ex",
      reportNumber   = "CMS-SMP-12-026, CERN-PH-EP-2013-2223",
      SLACcitation   = "%%CITATION = ARXIV:1312.6608;%%",
}

@article{Aad:2013vka,
      author         = "Aad, Georges and others",
      title          = "{Measurement of the cross-section for W boson production
                        in association with b-jets in pp collisions at sqrt(s)
                        = 7 TeV with the ATLAS detector}",
      collaboration  = "ATLAS",
      journal        = "JHEP",
      volume         = "06",
      pages          = "084",
      doi            = "10.1007/JHEP06(2013)084",
      year           = "2013",
      eprint         = "1302.2929",
      archivePrefix  = "arXiv",
      primaryClass   = "hep-ex",
      reportNumber   = "CERN-PH-EP-2012-357",
      SLACcitation   = "%%CITATION = ARXIV:1302.2929;%%",
}

@article{WbbTevD0,
      title          = "{Measurement of the ppbar $\rightarrow$ W+b+X production cross section at sqrt(s) = 1.96 TeV}",
      collaboration  = "D0",
      journal        = "Phys.Lett.B",
      volume         = "718",
      pages          = "1314",
      doi            = "10.1016/j.physletb.2012.12.044",
      year           = "2013",
      eprint         = "1210.0627",
      archivePrefix  = "arXiv",
      primaryClass   = "hep-ex",
      reportNumber   = "FERMILAB-PUB-12-541-E",
      SLACcitation   = "%%CITATION = ARXIV:1210.0627;%%",
}

@article{WbbTevCDF,
      title          = "{First Measurement of the b-jet Cross Section in Events with a W Boson in p-pbar Collisions at sqrt(s) = 1.96 TeV}",
      collaboration  = "CDF",
      journal        = "Phys.Rev.Lett.",
      volume         = "104",
      pages          = "131801",
      doi            = {10.1103/PhysRevLett.104.131801},
      year           = "2010",
      eprint         = "0909.1505",
      archivePrefix  = "arXiv",
      primaryClass   = "hep-ex",
      SLACcitation   = "%%CITATION = ARXIV:0909.1505;%%",
}

%%%
% Lumicalc

@TECHREPORT{ref:CMSLumiCalc,
      AUTHOR      = "{CMS Collaboration}",
      COLLABORATION = "CMS",
      INSTITUTION   = "CMS",
      TITLE       = "CMS Luminosity Based on Pixel Cluster Counting - Summer 2013 Update",
      URL         = "https://cms-physics.web.cern.ch/cms-physics/public/LUM-13-001-pas.pdf",
      TYPE        = "CMS Physics Analysis Summary",
      NUMBER      = "CMS-PAS-LUM-13-001",
      YEAR        = "2013"
}

@ARTICLE{ref:CMSdetector,
   COLLABORATION = "CMS",
   AUTHOR        = "CMS",
   TITLE         = "The CMS experiment at the CERN LHC",
   journal        = "JINST",
   volume         = "3",
   pages          = "S08004",
   doi            = "10.1088/1748-0221/3/08/S08004",
   year           = "2008",
   url            = "http://stacks.iop.org/1748-0221/3/i=08/a=S08004"
}
 
%
%%%%%%%%%%%%%%%%%%
%% Particle Flow
%%%%%%%%%%%%%%%%%%
@TECHREPORT{CMS-PAS-PFT-10-001,
      AUTHOR      = "{CMS Collaboration}",
      COLLABORATION = "CMS",
      INSTITUTION   = "CMS",
      TITLE       = "Commissioning of the Particle-flow Event Reconstruction with the first LHC collisions recorded in the CMS detector",
      URL         = "https://cms-physics.web.cern.ch/cms-physics/public/PFT-10-001-pas.pdf",
      TYPE        = "CMS Physics Analysis Summary",
      NUMBER      = "CMS-PAS-PFT-10-001",
      YEAR        = "2010"
}

%
%% Detector Components
%
@ARTICLE{ref:muon_detector,
   COLLABORATION = "CMS",
   AUTHOR        = "CMS",
   TITLE         = "The performance of the CMS muon detector in proton-proton collisions at sqrt(s) = 7 TeV at the LHC",
   journal        = "JINST",
   volume         = "8",
   pages          = "P11002",
   doi            = "10.1088/1748-0221/8/11/P11002",
   year           = "2013",
   eprint         = "1306.6905",
   archivePrefix  = "arXiv",
   primaryClass   = "hep-ex",
   SLACcitation   = "%%CITATION = ARXIV:1306.6905;%%",
}

@ARTICLE{CMS-PAS-MUO-10-002,
      author         = "Chatrchyan, S. and others",
      title          = "{Performance of CMS muon reconstruction in pp collision
                        events at sqrt(s)=7 TeV}",
      collaboration  = "CMS",
      journal        = "JINST",
       volume         = "7",
       pages          = "P10002",
       doi            = "10.1088/1748-0221/7/10/P10002",
       year           = "2012",
       eprint         = "1206.4071",
       archivePrefix  = "arXiv",
       primaryClass   = "physics.ins-det",
       reportNumber   = "CMS-MUO-10-004, CERN-PH-EP-2012-173",
       SLACcitation   = "%%CITATION = ARXIV:1206.4071;%%",
}

@ARTICLE{ref:ele_detector,
   COLLABORATION = "CMS",
   AUTHOR        = "CMS",
   TITLE         = "Performance of electron reconstruction and selection with the CMS detector in proton-proton collisions at sqrt(s) = 8 TeV",
   journal        = "JINST",
   volume         = "10",
   pages          = "120",
   doi            = "10.1088/1748-0221/10/06/P06005",
   year           = "2015",
   eprint         = "1502.02701",
   archivePrefix  = "arXiv",
   primaryClass   = "physics.ins-det",
   SLACcitation   = "%%CITATION = ARXIV:1502.02701;%%",
}

%% WZ - noise correction for ECAL/HCAL
%
@Article{WZCMS:2010,
     COLLABORATION = "CMS",
     title     = "{Measurements of Inclusive W and Z Cross Sections in pp Collisions at sqrt(s) = 7 TeV}",
     journal   = "JHEP",
     year      = "2011",
     eprint    = "1012.2466",
     archivePrefix = "arXiv",
     doi       = "10.1007/JHEP01(2011)080",
     SLACcitation  = "%%CITATION = ARXIV:1012.2466;%%,"
}

@Article{CMS:8TeVMET,
     COLLABORATION = "CMS",
     title     = "{Performance of the CMS missing transverse energy reconstruction in pp data at sqrt(s) = 8TeV}",
     journal   = "JINST",
     volume    = "10",
     year      = "2015",
     pages     = "P02006",
     primaryClass  = "physics.ins-det",
     archivePrefix = "arXiv",
     eprint    = "1411.0511",
     doi       = "10.1088/1748-0221/10/02/P02006",
     reportNumber = "CMS-JME-13-003, CERN-PH-EP-2014-246",
     SLACcitation  = "%%CITATION = ARXIV:1411.0511;%%,"
}

%%%%%%%%%%%%%%%%
%% Jets
%%%%%%%%%%%%%%%%

@Article{Cacciari:2008gp,
     AUTHOR    = "Cacciari, Matteo and Salam, Gavin P. and Soyez, Gregory",
     title     = "The anti-$k_t$ jet clustering algorithm",
     JOURNAL   = "JHEP",
     VOLUME    = "04",
     YEAR      = "2008",
     PAGES     = "63",
     doi       = "10.1088/1126-6708/2008/04/063",
     eprint         = "0802.1189",
     archivePrefix  = "arXiv",
     primaryClass   = "hep-ex",
}

@Article{fastjet1,
     author    = "{M. Cacciari and G.P. Salam,}",
     title     = "Pileup subtraction using jet areas",
     journal   = "Phys.Lett.B",
     volume    = "659",
     year      = "2008",
     pages     = "119",
     doi       = "10.1016/j.physletb.2007.09.077",
     eprint         = "0707.1378",
     archivePrefix  = "arXiv",
     primaryClass   = "hep-ph",
}

@Article{fastjet2,
     author    = "{M. Cacciari, G.P. Salam and G. Soyez}",
     title     = "The catchment area of jets ",
     journal   = "JHEP",
     volume    = "804",
     year      = "2008",
     pages     = "5",
     doi       = "10.1088/1126-6708/2008/04/005",
     eprint         = "0802.1188",
     archivePrefix  = "arXiv",
     primaryClass   = "hep-ph",
}

@Article{Chatrchyan:2009hy,
     author    = "Chatrchyan, Serguei and others",
     collaboration = "CMS",
     title     = "{Identification and Filtering of Uncharacteristic Noise in
                  the CMS Hadron Calorimeter}",
     journal   = "JINST",
     volume    = "5",
     year      = "2010",
     pages     = "T03014",
     eprint    = "0911.4881",
     archivePrefix = "arXiv",
     primaryClass  =  "physics.ins-det",
     doi       = "10.1088/1748-0221/5/03/T03014",
     SLACcitation  = "%%CITATION = 0911.4881;%%"
}

% Jet Energy Corrections
@Article{cmsJEC,
      COLLABORATION = "CMS",
      TITLE       = "Determination of jet energy calibration and transverse momentum resolution in {CMS}",
      AUTHOR      = "Chatrchyan, Serguei and others",
      JOURNAL     = "JINST",
      VOLUME      = "6",
      PAGES       = "P11002",
      DOI         = "10.1088/1748-0221/6/11/P11002",
      YEAR        = "2011",
     eprint    = "1107.4277",
     archivePrefix = "arXiv",
     primaryClass  =  "physics.ins-det",
}

% B - TAGGING
@techreport{CMS-PAS-BTV-13-001,
      title         = "{Performance of b tagging at sqrt(s) = 8 TeV in multijet,
                       ttbar and boosted topology events}",
      institution   = "CERN",
      collaboration = "CMS",
      address       = "Geneva",
      number        = "CMS-PAS-BTV-13-001",
      year          = "2013",
      URL         = "https://inspirehep.net/record/1260865",
}
@Article{cmsBTAGPAPER,
      title        = "Identification of b-quark jets with the CMS experiment",
      collaboration  = "CMS",
      journal        = "JINST",
      volume         = "8",
      pages          = "04013",
      doi            = "10.1088/1748-0221/8/04/P04013",
      year           = "2012",
      eprint         = "1211.4462",
      archivePrefix  = "arXiv",
      primaryClass   = "hep-ex",
      reportNumber   = "arXiv:1211.4462. CMS-BTV-12-001. CERN-PH-EP-2012-262",
      SLACcitation   = "%%CITATION = ARXIV:1211.4462;%%",
}

%%%%%%%%%%%%%%%%%%%%%%%%%%%%%%%%%
%% MC GENERATORS
%%%%%%%%%%%%%%%%%%%%%%%%%%%%%%%%%

% MadGraph
@Article{ref:MadEvent, 
  author     = "Maltoni, F. and Stelzer, T.",
  title      = "MadEvent: Automatic event generation with MadGraph",
  journal    = "JHEP",
  volume     = "02",
  year       = "2003",
  pages      = "027",
  doi        = "10.1088/1126-6708/2003/02/027",
  eprint    = "hep-ph/0208156",
  archivePrefix = "arXiv"
}

@article{Alwall:2011uj,
      author         = "Alwall, Johan and Herquet, Michel and Maltoni, Fabio and
                        Mattelaer, Olivier and Stelzer, Tim",
      title          = "{MadGraph 5 : Going Beyond}",
      journal        = "JHEP",
      volume         = "1106",
      pages          = "128",
      doi            = "10.1007/JHEP06(2011)128",
      year           = "2011",
      eprint         = "1106.0522",
      archivePrefix  = "arXiv",
      primaryClass   = "hep-ph",
      reportNumber   = "FERMILAB-PUB-11-448-T",
      SLACcitation   = "%%CITATION = ARXIV:1106.0522;%%",
}

%%% GENERATOR INFORMATION

%% PDFS
%
@Article{ref:CTEQ66,
     author    = "Lai, Hung-Liang and Huston, J. and Li, Z. and Nadolsky, P. and Pumplin, J. and Stump, D. and Yuan, C.-P.",
     title     = "Uncertainty induced by {QCD} coupling in the {CTEQ} global
                  analysis of parton distributions",
     journal   = "Phys.Rev.D",
     volume    = "82",
     year      = "2010",
     pages     = "054021",
     eprint    = "1004.4624",
     archivePrefix = "arXiv",
     primaryClass  =  "hep-ph",
     doi       = "10.1103/PhysRevD.82.054021",
}

% Pythia
@Article{Sjostrand:2006za,
     author    = "Sj{\"o}strand, Torbjorn and Mrenna, Stephen and Skands, Peter
                  Z.",
     title     = "{PYTHIA} 6.4 physics and manual",
     journal   = "JHEP",
     volume    = "05",
     year      = "2006",
     pages     = "026",
     eprint    = "hep-ph/0603175",
     archivePrefix = "arXiv",
     doi       = "10.1088/1126-6708/2006/05/026",
     SLACcitation  = "%%CITATION = HEP-PH/0603175;%%"
}
% Z2 
@Article{Field:2010bc,
  author="R.~Field",
  title="Early LHC Underlying Event Data - Findings and Surprises",
  eprint="1010.3558",
  year= "2010",
  archivePrefix = "arXiv",
  primaryClass = "hep-ph",
  SLACcitation = "%%CITATION = ARXIV:1010.3558;%%"
}
% Z2*
@article{ref:Z2star,
      author         = "Chatrchyan, Serguei and others",
      title          = "Study of the underlying event at forward rapidity in pp collisions at sqrt(s) = 0.9, 2.76, and 7 TeV",
      collaboration  = "CMS",
      journal        = "JHEP",
      volume         = "04",
      pages          = "72",
      doi            = "10.1007/JHEP04(2013)072",
      year           = "2013",
      eprint         = "1302.2394",
      archivePrefix  = "arXiv",
      primaryClass   = "hep-ex",
      reportNumber   = "CMS-TWD-11-003,
                        CERN-PH-EP-2013-012",
      SLACcitation   = "%%CITATION = ARXIV:1302.2394;%%",
}
% Pythia 8
@Article{ref:Pythia8,
     author    = "Sj{\"o}strand, Torbjorn and Mrenna, Stephen and Skands, Peter
                  Z.",
     title     = "A Brief Introduction to {PYTHIA} 8.1",
     journal   = "Comp.Phys.Comm.",
     volume    = "178",
     year      = "2008",
     pages     = "852",
     eprint    = "0710.3820",
     archivePrefix = "arXiv",
     doi       = "10.1016/j.cpc.2008.01.036",
     SLACcitation  = "%%CITATION = HEP-PH/0710.3820;%%"
}

% NLO in general
@Article{Nason:2004rx,
     author    = "Nason, Paolo",
     title     = "{A new method for combining NLO QCD with shower Monte Carlo
                  algorithms}",
     journal   = "JHEP",
     volume    = "11",
     year      = "2004",
     pages     = "040",
     eprint    = "hep-ph/0409146",
     archivePrefix = "arXiv",
     doi       = "10.1088/1126-6708/2004/11/040",
     SLACcitation  = "%%CITATION = HEP-PH/0409146;%%"
}

% Powheg
@Article{Frixione:2007vw,
     author    = "Frixione, Stefano and Nason, Paolo and Oleari, Carlo",
     title     = "{Matching NLO QCD computations with parton shower
                  simulations: the POWHEG method}",
     journal   = "JHEP",
     volume    = "11",
     year      = "2007",
     pages     = "070",
     eprint    = "0709.2092",
     archivePrefix = "arXiv",
     primaryClass  =  "hep-ph",
     doi       = "10.1088/1126-6708/2007/11/070",
     SLACcitation  = "%%CITATION = 0709.2092;%%"
}

@Article{ref:POWHEG_T_SandTchannel,
     author    = "Alioli, S. and Nason, P. and Oleari, C. and  Re, E.",
     title     = "{NLO single-top production matched with shower in POWHEG: s- and t-channel contributions}",
     journal   = "JHEP",
     volume    = "0909",
     year      = "2010",
     pages     = "111",
     eprint    = "0907.4076",
     archivePrefix = "arXiv",
     primaryClass  =  "hep-ph",
     doi           ="10.1088/1126-6708/2009/09/111, 10.1007/JHEP02(2010)011",
     SLACcitation  = "%%CITATION = 0907.4076;%%"
}

@Article{ref:POWHEG_T_tWchannel,
     author    = "Alioli, S. and Nason, P. and Oleari, C. and  Re, E.",
     title     = "{Single-top Wt-channel production matched with parton showers using the POWHEG method}",
     journal   = "Eur.Phys.J. C",
     volume    = "71",
     year      = "2011",
     pages     = "1547",
     eprint    = "1009.2450",
     archivePrefix = "arXiv",
     primaryClass  =  "hep-ph",
     doi           ="10.1140/epjc/s10052-011-1547-z",
     SLACcitation  = "%%CITATION = 1009.2450;%%"
}

% FEWZ
@article{Gavin:2012sy,
      author         = "Gavin, Ryan and Li, Ye and Petriello, Frank and
                        Quackenbush, Seth",
      title          = "{W Physics at the LHC with FEWZ 2.1}",
      journal        = "Comput.Phys.Commun.",
      volume         = "184",
      pages          = "208",
      doi            = "10.1016/j.cpc.2012.09.005",
      year           = "2013",
      eprint         = "1201.5896",
      archivePrefix  = "arXiv",
      primaryClass   = "hep-ph",
      reportNumber   = "ANL-HEP-PR-11-83, NUHEP-TH-12-01, PSI-PR-12-01",
      SLACcitation   = "%%CITATION = ARXIV:1201.5896;%%",
}

@article{ref:FEWZ3.1,
      author         = "Li, Ye and Petriello, Frank",
      title          = "{Combining QCD and electroweak corrections to dilepton production in FEWZ}",
      journal        = "Phys.Rev.D",
      volume         = "",
      pages          = "",
      doi            = "10.1103/PhysRevD.86.094034",
      year           = "2012",
      eprint         = "1208.5967",
      archivePrefix  = "arXiv",
      primaryClass   = "hep-ph",
      reportNumber   = "",
      SLACcitation   = "%%CITATION = ARXIV:1208.5967;%%",
}

% MCFM
@article{Campbell:2010ff,
      author         = "Campbell, John M. and Ellis, R.K.",
      title          = "MCFM for the Tevatron and the LHC",
      journal        = "Nucl.Phys.Proc.Suppl.",
      volume         = "205",
      pages          = "10",
      doi            = "10.1016/j.nuclphysbps.2010.08.011",
      year           = "2010",
      eprint         = "1007.3492",
      archivePrefix  = "arXiv",
      primaryClass   = "hep-ph",
      reportNumber   = "FERMILAB-CONF-10-244-T",
      SLACcitation   = "%%CITATION = ARXIV:1007.3492;%%",
}

@article{Badger:2010mg,
      author         = "Badger, Simon and Campbell, John M. and Ellis, R.K.",
      title          = "QCD corrections to the hadronic production of a heavy
                        quark pair and a W-boson including decay correlations",
      journal        = "JHEP",
      volume         = "03",
      pages          = "027",
      doi            = "10.1007/JHEP03(2011)027",
      year           = "2011",
      eprint         = "1011.6647",
      archivePrefix  = "arXiv",
      primaryClass   = "hep-ph",
      reportNumber   = "FERMILAB-PUB-10-482-T",
      SLACcitation   = "%%CITATION = ARXIV:1011.6647;%%",
}

% MSTW2008 NLO PDF
@article{Martin:2009iq,
     author         = "Martin, A. D. and Stirling, W. J. and Thorne, R. S. and Watt, G.",
     title          = "{Parton distributions for the LHC}",
     journal        = "Eur.Phys.J.C",
     volume         = "63",
     pages          = "189",
     doi            = "10.1140/epjc/s10052-009-1072-5",
     year           = "2009",
     eprint         = "0901.0002",
     archivePrefix  = "arXiv",
     primaryClass   = "hep-ph",
}

% CMS ATLAS combined tt XC measurement
@TECHREPORT{CMS:2014gta,
      author         = "CMS Collaboration",
      title          = "{Combination of ATLAS and CMS top quark pair cross
                        section measurements in the emu final state using
                        proton-proton collisions at 8 TeV}",
      INSTITUTION   = "CMS",
      collaboration  = "CMS",
      year           = "2014",
      reportNumber   = "CMS-PAS-TOP-14-016",
      url            = "http://inspirehep.net/record/1319376",
      SLACcitation   = "%%CITATION = CMS-PAS-TOP-14-016;%%",
}


% GEANT
@ARTICLE{GEANT,
      author         = "Agostinelli, S. and others",
      title          = "GEANT4 - a simulation toolkit",
      collaboration  = "GEANT4",
      journal        = "Nucl. Instrum. Meth. A",
      volume         = "506",
      pages          = "250",
      doi            = "10.1016/S0168-9002(03)01368-8",
      year           = "2003",
      reportNumber   = "SLAC-PUB-9350, FERMILAB-PUB-03-339",
      SLACcitation   = "%%CITATION = NUIMA,A506,250;%%",
}





%% LHAPDF

@article{LHAPDF,
      author         = "A. Buckley and others",
      title          = "{LHAPDF6: parton density access in the LHC precision era}",
      collaboration  = "",
      journal        = "Eur.Phys.J.C",
      volume         = "132",
      pages          = "3",
      doi            = "10.1140/epjc/s10052-015-3318-8",
      year           = "2015",
      eprint         = "1412.7420",
      archivePrefix  = "arXiv",
      primaryClass   = "hep-ph",
      reportNumber   = "GLAS-PPE/2014-05",
      SLACcitation   = "%%CITATION = ARXIV:1412.7420;%%",
}

%%The first of two required references if you use the PDF4LHC
%%prescription
@article{Botje:2011sn,
      author = "Botje, Michiel and others",
      title = "{The PDF4LHC Working Group Interim Recommendations}",
      year = "2011",
      eprint = "1101.0538",
      archivePrefix = "arXiv",
      primaryClass = "hep-ph",
      SLACcitation = "%%CITATION = ARXIV:1101.0538;%%"
}

%The second required reference if you use the PDF4LHC prescription.
@article{Alekhin:2011sk,
      author         = "Alekhin, Sergey and Alioli, Simone and Ball, Richard D.
                        and Bertone, Valerio and Blumlein, Johannes and others",
      title          = "{The PDF4LHC Working Group Interim Report}",
      year           = "2011",
      eprint         = "1101.0536",
      archivePrefix  = "arXiv",
      primaryClass   = "hep-ph",
      SLACcitation   = "%%CITATION = ARXIV:1101.0536;%%",
}

%This is the reference to include if you used the NNPDF2.3 set in the
%PDF4LHC prescription.
@article{Ball:2012cx,
      author         = "Ball, Richard D. and others",
      title          = "{Parton distributions with LHC data}",
      journal        = "Nucl. Phys.",
      volume         = "B867",
      year           = "2013",
      pages          = "244",
      doi            = "10.1016/j.nuclphysb.2012.10.003",
      eprint         = "1207.1303",
      archivePrefix  = "arXiv",
      primaryClass   = "hep-ph",
      SLACcitation   = "%%CITATION = ARXIV:1207.1303;%%"
}

%% Double Paton Scattering
@article{Chatrchyan:2013xxa,
      author         = "Chatrchyan, Serguei and others",
      title          = "{Study of double parton scattering using W + 2-jet events
                        in proton-proton collisions at sqrt(s) = 7 TeV}",
      collaboration  = "CMS",
      journal        = "JHEP",
      volume         = "1403",
      pages          = "032",
      doi            = "10.1007/JHEP03(2014)032",
      year           = "2014",
      eprint         = "1312.5729",
      archivePrefix  = "arXiv",
      primaryClass   = "hep-ex",
      reportNumber   = "CMS-FSQ-12-028, CERN-PH-EP-2013-224",
      SLACcitation   = "%%CITATION = ARXIV:1312.5729;%%",
}



@Article{atgc,
   author = "{U.~Baur And- E.~Berger}",
   title = "Probing the weak-boson sector in {$Z\gamma$} production at hadron colliders",
   journal = "Phys. Rev.",
   volume = "D47",
   pages = "4889",
   year = "1993",
   doi = "10.1103/PhysRevD.47.4889"
}



@article{antikt,
      author         = "Cacciari, Matteo and Salam, Gavin P. and Soyez, Gregory",
      title          = "{The Anti-k(t) jet clustering algorithm}",
      journal        = "JHEP",
      volume         = "0804",
      pages          = "063",
      doi            = "10.1088/1126-6708/2008/04/063",
      year           = "2008",
      eprint         = "0802.1189",
      archivePrefix  = "arXiv",
      primaryClass   = "hep-ph",
      reportNumber   = "LPTHE-07-03",
      SLACcitation   = "%%CITATION = ARXIV:0802.1189;%%",
}
@article{CDMS1,
      author            = "Ahmed, Z. and others",
      collaboration = "CDMS",
      title             = "Results from a Low-Energy Analysis of the CDMS II Germanium Data",
      journal           = "Phys. Rev. Lett.",
      volume            = "106",
      year              = "2011",
       pages            = "131302",
      doi               = "10.1103/PhysRevLett.106.131302",
      archivePrefix     = "arXiv",
      eprint            = "1011.2482v3",
}
@article{CDMS2,
        author          = "{CDMS II Collaboration}",
        title           = "Dark Matter Search Results from the CDMS II Experiment",
        journal         = "Science",
        volume          = "327",
        pages           = "1619",
        year            = "2010",
        doi             = "10.1126/science.1186112",
        url = "http://www.sciencemag.org/content/327/5973/1619",
}



@ARTICLE{d0zgg,
     COLLABORATION = "{D0}",
     TITLE         = "$Z\gamma$ production and limits on anomalous $ZZ\gamma$ and $Z\gamma\gamma$ couplings in $p\overline{p}$ collisions at $\sqrt{s} = 1.96 $~TeV",
     JOURNAL       = "Phys. Lett.",
     VOLUME        = "B 653",
     YEAR          = "2009"
}
     
@ARTICLE{d0zinv,
     COLLABORATION = "{D0}",
     TITLE         = "Measurement of the $Z\gamma \rightarrow \nu\nu\gamma$ cross section and limits on anomalous $ZZ\gamma$ and $Z\gamma\gamma$ couplings in $p\overline{p}$ collisions at $\sqrt{s} = 1.96$~TeV",
     JOURNAL       = "Phys. Rev. Lett.",
     VOLUME        = "102",
     YEAR          = "2009"
}  

@TECHREPORT{ETDef,
     AUTHOR       = "CMS Collaboration",
     TITLE        = "ET Performance in CMS",
     TYPE         = "CMS Conference Report",
     NUMBER       = "AN-2007/041",
     URL          = "",
     YEAR         = "2007"
}

@ARTICLE{TProbe,
     AUTHOR        = "CMS Collaboration",
     TITLE         = "Measurement of the tracking efficiency for muons using the tag and probe method",
     JOURNAL       = "CMS AN 2010/149",
     year          = "2010",
}


@ARTICLE{qcd,
     AUTHOR        = "CMS Collaboration",
     TITLE         = "Search for a Standard Model Higgs boson decaying into two photons in 2012 data",
     JOURNAL       = "CMS AN 2012/160",
     year          = "2012",
}


@Article{FastJet,
     author    = "M. Cacciari, G. P. Salam, and G. Soyez",
   collaboration = "",
     title     = "{FastJet User Manual}",
     journal   = "Eur. Phys. J.",
     volume    = "C72",
     year      = "2012",
     pages     = "262-1896",
     eprint    = "1111.6097",
     archivePrefix = "arXiv",
     doi       = "10.1140/epjc/s10052-012-1896-2",
     SLACcitation  = "%%CITATION = HEP-EX/0406019;%%"                                                                                                                  
}

@article{jetreso,
      author         = "Chatrchyan, Serguei and others",
      title          = "{Determination of Jet Energy Calibration and Transverse
                        Momentum Resolution in CMS}",
      collaboration  = "CMS Collaboration",
      journal        = "JINST",
      volume         = "6",
      pages          = "P11002",
      doi            = "10.1088/1748-0221/6/11/P11002",
      year           = "2011",
      eprint         = "1107.4277",
      archivePrefix  = "arXiv",
      primaryClass   = "physics.ins-det",
      reportNumber   = "CERN-PH-EP-2011-102, CMS-JME-10-011",
      SLACcitation   = "%%CITATION = ARXIV:1107.4277;%%",
}



@article{bib:lep_branon,
      author         = "Achard, P. and others",
      title          = "{Search for branons at LEP}",
      collaboration  = "L3 Collaboration",
      journal        = "Phys.Lett.",
      volume         = "B597",
      pages          = "145-154",
      doi            = "10.1016/j.physletb.2004.07.014",
      year           = "2004",
      eprint         = "hep-ex/0407017",
      archivePrefix  = "arXiv",
      primaryClass   = "hep-ex",
      reportNumber   = "CERN-PH-EP-2004-016",
      SLACcitation   = "%%CITATION = HEP-EX/0407017;%%",
}

@article{bib:cembranos13,
      author         = "Cembranos, Jose A. R. and Delgado, Rafael L. and Dobado,
                        Antonio",
      title          = "{Brane-Worlds at the LHC: Branons and KK-gravitons}",
      journal        = "Phys.Rev.",
      volume         = "D88",
      pages          = "075021",
      doi            = "10.1103/PhysRevD.88.075021",
      year           = "2013",
      eprint         = "1306.4900",
      archivePrefix  = "arXiv",
      primaryClass   = "hep-ph",
      SLACcitation   = "%%CITATION = ARXIV:1306.4900;%%",
}

@article{bib:cembranos04,
      author         = "Cembranos, J.A.R. and Dobado, A. and Maroto, Antonio
                        Lopez",
      title          = "{Branon search in hadronic colliders}",
      journal        = "Phys.Rev.",
      volume         = "D70",
      pages          = "096001",
      doi            = "10.1103/PhysRevD.70.096001",
      year           = "2004",
      eprint         = "hep-ph/0405286",
      archivePrefix  = "arXiv",
      primaryClass   = "hep-ph",
      SLACcitation   = "%%CITATION = HEP-PH/0405286;%%",
}


@ARTICLE{cdfzgam,
     COLLABORATION = "{CDF}",
     TITLE         = "Limits on Anomalous Trilinear Gauge Couplings in $Z\gamma$ Events from $p\bar p$ Collisions at $\sqrt{s}$ = 1.96 TeV",
     EPRINT    = "1103.2990v2",
     archivePrefix = "arXiv",
     primaryClass  =  "hep-ex"
}     

@ARTICLE{cmsvgam,
     COLLABORATION = "{CMS}", 
     TITLE         = "Measurement of $W\gamma$ and $Z\gamma$ Production in $pp$ Collisions at $\sqrt{s}$ = 7 TeV",
     EPRINT        = "1105.2758",
     archivePrefix = "arXiv",
     primaryClass  = "hep-ex"
}

@ARTICLE{cmsvhgam,
     COLLABORATION = "{CMS}",
     TITLE         = " Measurement of $W^{+}W^{-}$ Production and Search for the Higgs Boson in $pp$ Collisions at $\sqrt{s}$ = 7 TeV",
     JOURNAL       = "Phys. Lett.",
     VOLUME        = "B 699",
     YEAR          = "2011"
}

@ARTICLE{atlasvgam,
     COLLABORATION = "{ATLAS}",
     TITLE         = " Measurement of  $W\gamma$ and $Z\gamma$ Production in Proton-Proton Collisions at $\sqrt{s}$ = 7 TeV with the ATLAS Detector",
     EPRINT        = "1106.1592",
     archivePrefix = "arXiv",
     primaryClass  = "hep-ex"
}

@ARTICLE{atlasww,
     COLLABORATION = "{ATLAS}",
     TITLE         = "Measurement of the $WW$ Cross Section in $\sqrt{s}$ = 7 TeV $pp$ Collisions with ATLAS",
     EPRINT        = "1104.5225",
     archivePrefix = "arXiv",
     primaryClass  = "hep-ex"
}

@ARTICLE{ADD,
     AUTHOR        = "{N. Arkani-Hamed, S. Dimopoulous, G. Dvali}",
     TITLE         = "The Hierarchy Problem and New Dimensions at Millimeter",
     EPRINT        = "9803315",
     archivePrefix = "arXiv",
     primaryClass  = "hep-ph"
}

@ARTICLE{EXO-08-011,
     JOURNAL       = "CMS PAS EXO-08-011"
}


@ARTICLE{Monojet,
     JOURNAL       = "CMS PAS EXO-12-048"
}

@ARTICLE{Mono_2011,
     JOURNAL       = "CMS PAS EXO-11-096"
}

@ARTICLE{Monolepton,
     JOURNAL       = "CMS PAS EXO-13-004"
}

@ARTICLE{greg,
     AUTHOR        = "G. Landsberg",
     TITLE         = "Extra Dimensions and More",
     EPRINT        = "0105039",
     archivePrefix = "arXiv",
     primaryClass  = "hep-ex"
}

@ARTICLE{elec,
     AUTHOR        = "{E. Meschi et al}",
     TITLE         = "Electron Reconstruction in the CMS Electromagnetic Calorimeter",
     JOURNAL       = "CMS AN 2001/034",
     year          = "2001",
}


@ARTICLE{hgg,
     AUTHOR        = "{Search for fermiophobic Higgs boson in diphoton channel with 2012 data collected by the CMS }",
     TITLE         = "Electron Reconstruction in the CMS Electromagnetic Calorimeter",
     JOURNAL       = "CMS AN 2012/213",
     year          = "2001",
}

@ARTICLE{algo,
     AUTHOR        = "{M. Anderson et al}",
     TITLE         = "A Review of clustering algorithms
and energy corrections in ECAL",
     JOURNAL       = "CMS IN-2010/008",
     year          = "2010",
}

@ARTICLE{PFlow,
     COLLABORATION = "CMS",
     TITLE         = "Particle--Flow Event Reconstruction in {CMS} and Performance for Jets, Taus, and \met",
     JOURNAL       = "CMS-PAS-PFT-09-001",
     YEAR          = "2009"
}




@ARTICLE{bib:mcfm,
     JOURNAL       = "http://mcfm.fnal.gov"
}

@ARTICLE{bib:PDF4LHC,
      author         = "Botje, Michiel and Butterworth, Jon and Cooper-Sarkar,
                        Amanda and de Roeck, Albert and Feltesse, Joel and others",
      title          = "{The PDF4LHC Working Group Interim Recommendations}",
      year           = "2011",
      eprint         = "1101.0538",
      archivePrefix  = "arXiv",
      primaryClass   = "hep-ph",
      SLACcitation   = "%%CITATION = ARXIV:1101.0538;%%",
}


@ARTICLE{PhotonID,
     JOURNAL       = "https://twiki.cern.ch/twiki/bin/view/CMS/CutBasedPhotonID2012"
}


@ARTICLE{looseJetID,
     JOURNAL       = "CMS Collaboration, “Jet Identification”, https://twiki.cern.ch/twiki/bin/view/CMS/JetID(2010)"
}


@ARTICLE{metFilterRef,
     JOURNAL       = "https://twiki.cern.ch/twiki/bin/viewauth/CMS/MissingETOptionalFiltersRun2"
}


@ARTICLE{pileup,
     JOURNAL       = "https://twiki.cern.ch/twiki/bin/view/CMS/PileupJSONFileforData"
}


@ARTICLE{pileup_reweight,
     JOURNAL       = "https://twiki.cern.ch/twiki/bin/view/CMS/PileupMCReweightingUtilities"
}



@ARTICLE{jetTwiki,
     JOURNAL       = "https://twiki.cern.ch/twiki/bin/viewauth/CMS/JetResolution2012"
}


@ARTICLE{jmeResults,
     JOURNAL       = " https://twiki.cern.ch/twiki/bin/view/CMSPublic/PhysicsResultsJME12002"
}

@ARTICLE{met,
     JOURNAL       = "https://twiki.cern.ch/twiki/bin/view/CMS/MissingETUncertaintyPrescription"
}

@ARTICLE{pileupun,
     JOURNAL       = "https://twiki.cern.ch/twiki/bin/viewauth/CMS/PileupMCReweightingUtilities"
}


@ARTICLE{LUM-13-001,
     JOURNAL       = "CMS-PAS-LUM-13-001"
}

@ARTICLE{roostatsCL95,
     JOURNAL       = "https://twiki.cern.ch/twiki/bin/viewauth/CMS/RooStatsCl95"
}


@ARTICLE{higgstool,
     JOURNAL       = "https://twiki.cern.ch/twiki/bin/viewauth/CMS/SWGuideHiggsAnalysisCombinedLimit"
}



@ARTICLE{CLs,
     author  = "K. Nakamura et al",
     collaboration = "Particle Data Group",
     title   = "Chapter 33: Statistics",
     journal = "J. Phys",
     volume   = "G 37",
     year     = "2010",
}


@ARTICLE{HETagger,
     AUTHOR        = "{V. Gaultney, Y. Gershtein, A. Askew}", 
     TITLE         = "Beam Halo Tagging Study Using Correlations in the Electromagnetic and Hadronic Calorimeters",
     JOURNAL       = "CMS AN-2009/052"
}



%"AN-11/289"
@ARTICLE{PixMatch,
     JOURNAL       = "AN-11/515" 
}

@ARTICLE{metReso,
     JOURNAL       = "AN-12/341" 
}

@ARTICLE{MSTW08LO,
     AUTHOR        = "{A.D. Martin et al}",  
     TITLE         = "Parton distributions for the LHC",
     EPRINT        = "0901.0002",
     archivePrefix = "arXiv",
     primaryClass  = "hep-ph"      
}

@ARTICLE{CTEQ6L1,
     AUTHOR        = "{J. Pumplin et al.}", 
     EPRINT        = "0201195",
     archivePrefix = "arXiv",
     primaryClass  = "hep-ph"
}
@Article{vertexReco,
     author    = "Erdmann, Wolfram",
 collaboration = "CMS",
     title     = "{Vertex reconstruction at the CMS experiment}",
     journal   = "J. Phys. Conf. Ser.",
     volume    = "110",
     year      = "2008",
     pages     = "092009",
     doi       = "10.1088/1742-6596/110/9/092009",
     
}

@ARTICLE{baur1, 
     AUTHOR        = "{U. Baur, T. Han, J. Ohnemus}", 
     TITLE         = "QCD Corrections to Hadronic $W\gamma$ Production with Non-standard $WW\gamma$ Couplings",
     JOURNAL       = "Phys. Rev.",
     VOLUME        = "D 48",
     YEAR          = "1993"
}

@ARTICLE{devdatta,
     AUTHOR        = "{D. Majumder, K. Mazumdar, T. Sj{\o}strand}", 
     TITLE         = "A study of a NLO matrix element generator for $W$$\gamma$ and matching scheme for NLO events and Pythia parton shower",
     JOURNAL       = "CMS AN-2009/123"
}

@ARTICLE{Pythia,
     AUTHOR        = "{T.Sj{\o}strand, S.Mrenna and P.Z.Skands}",
     TITLE         = "PYTHIA 6.4 Physics and Manual",
     JOURNAL       = "JHEP",
     VOLUME        = "0605", 
     PAGES         = "026",
     YEAR          = "2006"
}

@ARTICLE{MCReweight,
     JOURNAL       ="https://twiki.cern.ch/twiki/bin/view/CMS/PileupReweighting"
}
@ARTICLE{PhoDef,
     JOURNAL       = "https://twiki.cern.ch/twiki/bin/view/PhotonID"
}
@ARTICLE{RhoCorr,
     JOURNAL       = "https://twiki.cern.ch/twiki/bin/view/CMSPublic/WorkBookJetEnergyCorrections"
}
@ARTICLE{PDF4LHC, 
     JOURNAL       ="http://www.hep.ucl.ac.uk/pdf4lhc/PDF4LHCrecom.pdf"
} 

@ARTICLE{EWKpdfs,
     JOURNAL       ="https://twiki.cern.ch/twiki/bin/view/CMSPublic/SWGuideEWKUtilities"
}

@ARTICLE{JetEnCor2011V2,
     JOURNAL       ="https://twiki.cern.ch/twiki/bin/view/CMSPublic/WorkBookJetEnergyCorrections"
}

@ARTICLE{JME-10-009,
     TITLE         ="MET Performance in pp Collisions at $\sqrt{s}=$7 TeV",
     JOURNAL       ="JME-10-009"
}

@ARTICLE{JME-10-014,
     TITLE         ="Jet Resolution Determination at $\sqrt{s}=$7 TeV",
     JOURNAL       ="JME-10-009"
}
@ARTICLE{totemXsec,
     COLLABORATION = "TOTEM",
     TITLE         = "First measurements of the total proton-proton cross section at the LHC energy of $\sqrt(s)=$7TeV ",
     JOURNAL       = "CERN-PH-EP-2011-158; EPL 96 (2011) 21002"
}

@ARTICLE{PUMCtools,
     JOURNAL       = "https://twiki.cern.ch/twiki/bin/viewauth/CMS/PileupMCReweightingUtilities"
}

@ARTICLE{EGM06,
     TITLE = "Isolated Photon Reconstruction and Identificataion at $\sqrt(s) =$7TeV"
}

@Article{D0gamma,
     author    = "Abazov, V. M. and others",
 collaboration = "D0",
     title     = "{Search for large extra dimensions via single photon plus
                  missing energy final states at s**(1/2) = 1.96-TeV}",
     journal   = "Phys. Rev. Lett.",
     volume    = "101",
     year      = "2008",
     pages     = "011601",
     eprint    = "0803.2137",
     archivePrefix = "arXiv",
     primaryClass  =  "hep-ex",
     doi       = "10.1103/PhysRevLett.101.011601",
     SLACcitation  = "%%CITATION = 0803.2137;%%"
}


@Article{CDFgamma,
     author    = "Aaltonen, T. and others",
 collaboration = "CDF",
     title     = "{Search for large extra dimensions in final states
                  containing one photon or jet and large missing transverse
                  energy produced in p anti-p collisions at s**(1/2) = 1.96-
                  TeV}",
     journal   = "Phys. Rev. Lett.",
     volume    = "101",
     year      = "2008",
     pages     = "181602",
     eprint    = "0807.3132",
     archivePrefix = "arXiv",
     primaryClass  =  "hep-ex",
     doi       = "10.1103/PhysRevLett.101.181602",
     SLACcitation  = "%%CITATION = 0807.3132;%%"
}


@Article{LEPgamma,
     author    = "Abdallah, J. and others",
 collaboration = "DELPHI",
     title     = "{Photon events with missing energy in e+ e- collisions at
                  s**(1/2) =  130-GeV to 209-GeV}",
     journal   = "Eur. Phys. J.",
     volume    = "C38",
     year      = "2005",
     pages     = "395-411",
     eprint    = "hep-ex/0406019",
     archivePrefix = "arXiv",
     doi       = "10.1140/epjc/s2004-02051-8",
     SLACcitation  = "%%CITATION = HEP-EX/0406019;%%"
}
@article{XENON100,
      author            = "Aprile, E. and others",
      title             = "Dark Matter Results from 100 Live Days of XENON100 Data",
      journal           = "Phys. Rev. Lett",
      volume            = "107",
      year              = "2011",
       pages            = "131302",
      doi               = "10.1103/PhysRevLett.107.131302",
      archivePrefix     = "arXiv",
      eprint            = "1104.2549v3",
}
@article{CDMS1,
      author            = "Ahmed, Z. and others",
      title             = "Results from a Low-Energy Analysis of the CDMS II Germanium Data",
      journal           = "Phys. Rev. Lett",
      volume            = "106",
      year              = "2011",
       pages            = "131302",
      doi               = "10.1103/PhysRevLett.106.131302",
      archivePrefix     = "arXiv",
      eprint            = "1011.2482v3",
}
@article{CDMS2,
        author          = "{The CDMS II Collaboration}",
        title           = "Dark Matter Search Results from the CDMS II Experiment",
        journal         = "Science",
        volume          = "327",
        pages           = "1619",
        year            = "2010",
        doi             = "10.1126/science.1186112",
}

@article{COGENT,
      author            = "Aalseth, C. E. and others",
      title             = "Results from a Search for Light-Mass Dark Matter with a $p$-Type Point Contact Germanium Detector ",
      journal           = "Phys. Rev. Lett.",
      volume            = "106",
      year              = "2011",
       pages            = "131301",
      archivePrefix     = "arXiv",
      eprint            = "1002.4703v1 ",
        doi             = "10.1103/PhysRevLett.106.131301",
}

@article{COUPP,
      author            = "Behnke, E.. and others",
      title             = "Improved Limits on Spin-dependent WIMP-Proton Interactions from a Two Liter CF$_{3}$ Bubble Chamber ",
      journal           = "Phys. Rev. Lett.",
      volume            = "106",
      year              = "2011",
       pages            = "021303",
      archivePrefix     = "arXiv",
      eprint            = "1008.3518v2",
        doi             = "10.1103/PhysRevLett.106.021303",
}

@article{PICASSO,
      author            = "Archambault, S. and others",
      title             = "Dark Matter Spin-dependent Limits for WIMP Interactions on 19-F by PICASSO ",
      journal           = "Phys. Lett. B",
      volume            = "682",
      year              = "2009",
       pages            = "185-192",
      archivePrefix     = "arXiv",
      eprint            = "0907.0307v2",
        doi             = "10.1016/j.physletb.2009.11.019",
}

@article{sundrum,
      author         = "Sundrum, Raman",
      title          = "{Effective field theory for a three-brane universe}",
      journal        = "Phys.Rev.",
      volume         = "D59",
      pages          = "085009",
      doi            = "10.1103/PhysRevD.59.085009",
      year           = "1999",
      eprint         = "hep-ph/9805471",
      archivePrefix  = "arXiv",
      primaryClass   = "hep-ph",
      reportNumber   = "BUHEP-98-13",
      SLACcitation   = "%%CITATION = HEP-PH/9805471;%%",
}

@article{dobado,
      author         = "Dobado, Antonio and Maroto, Antonio Lopez",
      title          = "{The Dynamics of the Goldstone bosons on the brane}",
      journal        = "Nucl.Phys.",
      volume         = "B592",
      pages          = "203-218",
      doi            = "10.1016/S0550-3213(00)00574-5",
      year           = "2001",
      eprint         = "hep-ph/0007100",
      archivePrefix  = "arXiv",
      primaryClass   = "hep-ph",
      reportNumber   = "CERN-TH-2000-195",
      SLACcitation   = "%%CITATION = HEP-PH/0007100;%%",
}


@article{cembranos1,
      author         = "Cembranos, J.A.R. and Dobado, A. and Maroto, Antonio
                        Lopez",
      title          = "{Brane skyrmions and wrapped states}",
      journal        = "Phys.Rev.",
      volume         = "D65",
      pages          = "026005",
      doi            = "10.1103/PhysRevD.65.026005",
      year           = "2002",
      eprint         = "hep-ph/0106322",
      archivePrefix  = "arXiv",
      primaryClass   = "hep-ph",
      SLACcitation   = "%%CITATION = HEP-PH/0106322;%%",
}

@article{cembranos2,
      author         = "Cembranos, J.A.R. and Dobado, A. and Maroto, Antonio
                        Lopez",
      title          = "{Branon search in hadronic colliders}",
      journal        = "Phys.Rev.",
      volume         = "D70",
      pages          = "096001",
      doi            = "10.1103/PhysRevD.70.096001",
      year           = "2004",
      eprint         = "hep-ph/0405286",
      archivePrefix  = "arXiv",
      primaryClass   = "hep-ph",
      SLACcitation   = "%%CITATION = HEP-PH/0405286;%%",
}


@article{cembranos3,
      author         = "Cembranos, Jose A. R. and Delgado, Rafael L. and Dobado,
                        Antonio",
      title          = "{Brane-Worlds at the LHC: Branons and KK-gravitons}",
      journal        = "Phys.Rev.",
      volume         = "D88",
      pages          = "075021",
      doi            = "10.1103/PhysRevD.88.075021",
      year           = "2013",
      eprint         = "1306.4900",
      archivePrefix  = "arXiv",
      primaryClass   = "hep-ph",
      SLACcitation   = "%%CITATION = ARXIV:1306.4900;%%",
}


@article{l3,
      author         = "Achard, P. and others",
      title          = "{Search for branons at LEP}",
      collaboration  = "L3 Collaboration",
      journal        = "Phys.Lett.",
      volume         = "B597",
      pages          = "145-154",
      doi            = "10.1016/j.physletb.2004.07.014",
      year           = "2004",
      eprint         = "hep-ex/0407017",
      archivePrefix  = "arXiv",
      primaryClass   = "hep-ex",
      reportNumber   = "CERN-PH-EP-2004-016",
      SLACcitation   = "%%CITATION = HEP-EX/0407017;%%",
}


@article{DMTeva,
      author         = "Bai, Y. and Fox, P. J. and Harnik, R.",
      title          = "The Tevatron at the Frontier of Dark Matter Direct Detection",
      journal        = "JHEP 1012:048",
      year           = "2010",
      doi            = "10.1007/JHEP12(2010)048",
      archivePrefix  = "arXiv",
      eprint         = "1005.3797v2",
}

@article{DMLHC,
      author         = "Fox, P. J. and Harnik, R. and Kopp, J. and Tsai, Y.",
      title          = "Missing Energy Signatures of Dark Matter at the LHC",
      archivePrefix  = "arXiv",
      eprint         = "1109.4398v1",
}


@Article{cteq66,
     author    = "Lai, Hung-Liang and Huston, Joey and Zi, Zhao and Nadolsky, Pavel and Pumplin, Jon
                   and Stump, Daniel and Yuan, C.-P.",
     title     = "Uncertainty induced by {QCD} coupling in the {CTEQ} global
                  analysis of parton distributions",
     journal   = "Phys. Rev. D",
     volume    = "82",
     year      = "2010",
     pages     = "054021",
     eprint    = "1004.4624",
     archivePrefix = "arXiv",
     primaryClass  =  "hep-ph",
     doi       = "10.1103/PhysRevD.82.054021",
}

@Article{Agostinelli:2002hh,
      author         = "S. Agostinelli and others",
      title          = "{GEANT4}: A Simulation toolkit",
      collaboration  = "GEANT4",
      journal        = "Nucl. Instrum. Meth.",
      volume         = "A506",
      pages          = "250",
      doi            = "10.1016/S0168-9002(03)01368-8",
      year           = "2003",
}


@ARTICLE{bib:pdg,
      author         = "Beringer, J. and others",
      title          = "{Review of Particle Physics (RPP)}",
      collaboration  = "Particle Data Group",
      journal        = "Phys.Rev.",
      volume         = "D86",
      pages          = "010001",
      doi            = "10.1103/PhysRevD.86.010001",
      year           = "2012",
      SLACcitation   = "%%CITATION = PHRVA,D86,010001;%%",
}


@ARTICLE{bib:monojet,
      author         = "Chatrchyan, Serguei and others",
      title          = "{Search for dark matter and large extra dimensions in
                        monojet events in $pp$ collisions at $\sqrt{s}=7$ TeV}",
      collaboration  = "CMS Collaboration",
      journal        = "JHEP",
      volume         = "1209",
      pages          = "094",
      doi            = "10.1007/JHEP09(2012)094",
      year           = "2012",
      eprint         = "1206.5663",
      archivePrefix  = "arXiv",
      primaryClass   = "hep-ex",
      reportNumber   = "CMS-EXO-11-059, CERN-PH-EP-2012-168",
      SLACcitation   = "%%CITATION = ARXIV:1206.5663;%%",
}



@article{ICECUBE,
        author  = "Abbasi, R. and others",
        collaboration = "IceCube",
        title = "Multiyear search for dark matter annihilations in the Sun with the AMANDA II and IceCube detectors",
        journal = "Phys. Rev. D",
        year = "2012",
        volume = "85",
        pages = "042002",
        arxivPrefix = "arXiv",
        eprint = "1112.1840",
        doi = "10.1103/PhysRevD.85.042002",
}
@article{SUPERK,
        author = "Tanaka, T. and others",
        title = "An Indirect Search for Weakly Interacting Massive Particles in the Sun Using 3109.6 Days of Upward-going Muons in Super-Kamiokande",
        journal = "Astrophys. J.",
        year = "2011",
        volume = "742",
        pages = "78",
        arxivPrefix = "arXiv",
        eprint = "1108.3384",
        doi = "10.1088/0004-637X/742/2/78",
}
@article{SIMPLE1,
        author = {Felizardo, M. and Morlat, T. and Fernandes, A. C. and Girard, T. A. and Marques, J. G. and Ramos, A. R. and Auguste, M. and Boyer, D. and Cavaillou, A. and Sudre, C. and Poupeney, J. and Payne, R. F. and Miley, H. S. and Puibasset, J.},
        collaboration = {SIMPLE},
        title = "First Results of the Phase II SIMPLE Dark Matter Search",
        journal = "Phys. Rev. Lett.",
        volume = {105},
        pages = "211301",
        year = "2010",
        doi = "10.1103/PhysRevLett.105.211301",
note = "A more recent update can be found in \href{http://arxiv.org/abs/1106.3014}{arXiv:1106.3014}",
}
    archivePrefix = "arXiv",
        eprint = "1003.2987",
@ARTICLE{2011StudyBH,             
     AUTHOR        = "{N. Akchurin et. al.,}",
     TITLE         = "Z$\gamma$ at $\sqrt{7}=$ 7 TeV where Z Decays Invisibly",
     JOURNAL       = "CMS AN 2011/108",
     year          = "2011",
}          

@article{Dutta:2009nf,
      author         = "Dutta, Sukanta and Goyal, Ashok and Mamta",
      title          = "{New Physics Contribution to Neutral Trilinear Gauge
                        Boson Couplings}",
      journal        = "Eur.Phys.J.",
      volume         = "C63",
      pages          = "305-315",
      doi            = "10.1140/epjc/s10052-009-1103-2",
      year           = "2009",
      eprint         = "0901.0260",
      archivePrefix  = "arXiv",
      primaryClass   = "hep-ph",
      SLACcitation   = "%%CITATION = ARXIV:0901.0260;%%",
}





@article{Denner:2014bna,
      author         = "Denner, Ansgar and Dittmaier, Stefan and Hecht, Markus
                        and Pasold, Christian",
      title          = "{NLO QCD and electroweak corrections to W+$\gamma$
                        production with leptonic W-boson decays}",
      journal        = "JHEP",
      volume         = "04",
      year           = "2015",
      pages          = "018",
      doi            = "10.1007/JHEP04(2015)018",
      eprint         = "1412.7421",
      archivePrefix  = "arXiv",
      primaryClass   = "hep-ph",
      reportNumber   = "FR-PHENO-2014-014",
      SLACcitation   = "%%CITATION = ARXIV:1412.7421;%%"                                                                                                                                                                                                                                                          
}

@article{Denner:2015fca,
      author         = "Denner, Ansgar and Dittmaier, Stefan and Hecht, Markus
                        and Pasold, Christian",
      title          = "{NLO QCD and electroweak corrections to $Z+\gamma$
                        production with leptonic Z-boson decays}",
      journal        = "JHEP",
      volume         = "02",
      year           = "2016",
      pages          = "057",
      doi            = "10.1007/JHEP02(2016)057",
      eprint         = "1510.08742",
      archivePrefix  = "arXiv",
      primaryClass   = "hep-ph",
      reportNumber   = "FR-PHENO-2015-012",
      SLACcitation   = "%%CITATION = ARXIV:1510.08742;%%"                                                                                                                                                                                                                                                         
}

@article{Bozzi:2010xn,
      author         = "Bozzi, Giuseppe and Catani, Stefano and Ferrera,
                        Giancarlo and de Florian, Daniel and Grazzini,
                        Massimiliano",
      title          = "{Production of Drell-Yan lepton pairs in hadron
                        collisions: Transverse-momentum resummation at
                        next-to-next-to-leading logarithmic accuracy}",
      journal        = "Phys. Lett.",
      volume         = "B696",
      year           = "2011",
      pages          = "207-213",
      doi            = "10.1016/j.physletb.2010.12.024",
      eprint         = "1007.2351",
      archivePrefix  = "arXiv",
      primaryClass   = "hep-ph",
      SLACcitation   = "%%CITATION = ARXIV:1007.2351;%%"                                                                                                                                                                                                                
}

@unpublished{monolep,
      author         = "Khachatryan, Vardan and others",
      title          = "{Search for physics beyond the standard model in final
                        states with a lepton and missing transverse energy in
                        proton-proton collisions at $\sqrt{s} = 8$ TeV}",
      collaboration  = "CMS",
      year           = "2014",
      note           = "Submitted to Phys. Rev. D",
      eprint         = "1408.2745",
      archivePrefix  = "arXiv",
      primaryClass   = "hep-ex",
      reportNumber   = "CMS-EXO-12-060, CERN-PH-EP-2014-176",
      SLACcitation   = "%%CITATION = ARXIV:1408.2745;%%",                                                                                                                                        
}


@article{Madgraph_new,
      author         = "Alwall, J. and Frederix, R. and Frixione, S. and Hirschi,
                        V. and Maltoni, F. and Mattelaer, O. and Shao, H.-S. and Stelzer, T. and Torielli, P.
                        and Zaro, M.",
      title          = "The automated computation of tree-level and
                        next-to-leading order differential cross sections, and
                        their matching to parton shower simulations",
      journal        = "JHEP",
      volume         = "07",
      pages          = "079",
      doi            = "10.1007/JHEP07(2014)079",
      year           = "2014",
      eprint         = "1405.0301",
      archivePrefix  = "arXiv",
      primaryClass   = "hep-ph",
      reportNumber   = "CERN-PH-TH-2014-064, CP3-14-18, LPN14-066, MCNET-14-09,
                        ZU-TH-14-14",
      SLACcitation   = "%%CITATION = ARXIV:1405.0301;%%",                                                                                                            
}


@Article{JINST1,
     author    = "Chatrchyan, S. and others",
     collaboration = "CMS",
     title     = "The {CMS} experiment at the {CERN} {LHC}",
     journal   = "JINST",
     volume    = "3",
     year      = "2008",
     pages     = "S08004",
     doi       = "10.1088/1748-0221/3/08/S08004"
}


@article{Photon_perf,
      author         = "Khachatryan, Vardan and others",
      title          = "{Performance of Photon Reconstruction and Identification
                        with the CMS Detector in Proton-Proton Collisions at
                        sqrt(s) = 8 TeV}",
      collaboration  = "CMS",
      journal        = "JINST",
      volume         = "10",
      year           = "2015",
      pages          = "P08010",
      doi            = "10.1088/1748-0221/10/08/P08010",
      eprint         = "1502.02702",
      archivePrefix  = "arXiv",
      primaryClass   = "physics.ins-det",
      reportNumber   = "CMS-EGM-14-001, CERN-PH-EP-2015-006",
      SLACcitation   = "%%CITATION = ARXIV:1502.02702;%%"                                                                                                                                            
}




@article{dmforum,
      author         = "Abercrombie, Daniel and others",
      editor         = "Boveia, Antonio and Doglioni, Caterina and Lowette,
                        Steven and Malik, Sarah and Mrenna, Stephen",
      title          = "{Dark Matter Benchmark Models for Early LHC Run-2
                        Searches: Report of the ATLAS/CMS Dark Matter Forum}",
      year           = "2015",
      eprint         = "1507.00966",
      archivePrefix  = "arXiv",
      primaryClass   = "hep-ex",
      reportNumber   = "FERMILAB-PUB-15-282-CD",
      SLACcitation   = "%%CITATION = ARXIV:1507.00966;%%"                                                                                                                            
}



@article{Majorana_dm,
      author         = "Goodman, Jessica and Ibe, Masahiro and Rajaraman, Arvind
                        and Shepherd, William and Tait, Tim M.P. and others",
      title          = "{Constraints on Light Majorana dark Matter from
                        Colliders}",
      journal        = "Phys.Lett.",
      volume         = "B695",
      pages          = "185-188",
      doi            = "10.1016/j.physletb.2010.11.009",
      year           = "2011",
      eprint         = "1005.1286",
      archivePrefix  = "arXiv",
      primaryClass   = "hep-ph",
      reportNumber   = "UCI-HEP-TR-2010-09",
      SLACcitation   = "%%CITATION = ARXIV:1005.1286;%%",
}


@article{CDMSLITE,
      author         = "Agnese, R. and others",
      title          = "{CDMSlite: A Search for Low-Mass WIMPs using
                        Voltage-Assisted Calorimetric Ionization Detection in the
                        SuperCDMS Experiment}",
      collaboration  = "SuperCDMSSoudan Collaboration",
      journal        = "Phys.Rev.Lett.",
      volume         = "112",
      pages          = "041302",
      doi            = "10.1103/PhysRevLett.112.041302",
      year           = "2014",
      eprint         = "1309.3259",
      archivePrefix  = "arXiv",
      primaryClass   = "physics.ins-det",
      reportNumber   = "FERMILAB-PUB-13-572-AE",
      SLACcitation   = "%%CITATION = ARXIV:1309.3259;%%",
}


@article{LUX,
      author         = "Akerib, D.S. and others",
      title          = "{First results from the LUX dark matter experiment at the
                        Sanford Underground Research Facility}",
      collaboration  = "LUX Collaboration",
      journal        = "Phys.Rev.Lett.",
      volume         = "112",
      pages          = "091303",
      doi            = "10.1103/PhysRevLett.112.091303",
      year           = "2014",
      eprint         = "1310.8214",
      archivePrefix  = "arXiv",
      primaryClass   = "astro-ph.CO",
      SLACcitation   = "%%CITATION = ARXIV:1310.8214;%%",
}
@article{DMCollid,
      author         = "Goodman, Jessica and Ibe, Masahiro and Rajaraman, Arvind
                        and Shepherd, William and Tait, Tim M.P. and others",
      title          = "{Constraints on Dark Matter from Colliders}",
      journal        = "Phys.Rev.",
      volume         = "D82",
      pages          = "116010",
      doi            = "10.1103/PhysRevD.82.116010",
      year           = "2010",
      eprint         = "1008.1783",
      archivePrefix  = "arXiv",
      primaryClass   = "hep-ph",
      reportNumber   = "UCI-HEP-TR-2010-15",
      SLACcitation   = "%%CITATION = ARXIV:1008.1783;%%",
}


@Article{JINST,
     author    = "{CMS Collaboration}",
     title     = "{CMS} technical design report, volume {II}: Physics Performance",
     journal   = "J. Phys. G: Nucl. Part. Phys.",
     volume    = "34",
     year      = "2007",
     pages     = "995",
     doi       = "10.1088/0954-3899/34/6/S01",

}
@ARTICLE{PixMatch,
     author = "Chatrchyan, S. and others",
     collaboration = {CMS},
     title     = "{Search for Supersymmetry in pp Collisions at $\sqrt{s}=$7 TeV in Events with Two Photons and Missing Transverse Energy}",
     journal   = "Phys. Rev. Lett.",
     volume    = "106",
     year      = "2011",
     pages    = "211802",
     eprint    = "1103.0953v2",
     archivePrefix = "arXiv",
     primaryClass  =  "hep-ex",
     doi       = "10.1103/PhysRevLett.106.211802"
}
@ARTICLE{ADD,
     author         = "Arkani-Hamed, Nima and Dimopoulos, Savas and Dvali, G.R.",
      title          = "{The Hierarchy problem and new dimensions at a
                        millimeter}",
      journal        = "Phys. Lett. B",
      volume         = "429",
      pages          = "263",
      doi            = "10.1016/S0370-2693(98)00466-3",
      year           = "1998",
      eprint         = "hep-ph/9803315",
      archivePrefix  = "arXiv",
      primaryClass   = "hep-ph",
}
@Article{Kfactor,
     author    = "Gao, X. and Li, C.S., and Gao, J. and Wang, J. and Oakes, R.",
     title     = "{Next-to-leading order QCD predictions for graviton and
                  photon associated production in the Large Extra Dimensions
                  model at the LHC}",
     journal   = "Phys. Rev. D",
     volume    = "81",
     year      = "2010",
     pages     = "036008",
     eprint    = "0912.0199",
     archivePrefix = "arXiv",
     primaryClass  =  "hep-ph",
     doi       = "10.1103/PhysRevD.81.036008",
     SLACcitation  = "%%CITATION = 0912.0199;%%"
}
@Article{CDFgamma,
     author    = "Aaltonen, T. and others",
 collaboration = "CDF",
     title     = "{Search for large extra dimensions in final states
                  containing one photon or jet and large missing transverse
                  energy produced in p$\bar{\text{p}}$ collisions at $\sqrt{s}= 1.96$~TeV}",
     journal   = "Phys. Rev. Lett.",
     volume    = "101",
     year      = "2008",
     pages     = "181602",
     eprint    = "0807.3132",
     archivePrefix = "arXiv",
     primaryClass  =  "hep-ex",
     doi       = "10.1103/PhysRevLett.101.181602",
     SLACcitation  = "%%CITATION = 0807.3132;%%"
}
@Article{D0gamma,
     author    = "Abazov, V. M. and others",
 collaboration = "D0",
     title     = "{Search for Large Extra Dimensions via Single Photon plus
                  Missing Energy Final States at sqrt(s) = 1.96 TeV}",
     journal   = "Phys. Rev. Lett.",
     volume    = "101",
     year      = "2008",
     pages     = "011601",
     eprint    = "0803.2137",
     archivePrefix = "arXiv",
     primaryClass  =  "hep-ex",
     doi       = "10.1103/PhysRevLett.101.011601",
}
@Article{LEPgamma,
     author    = "Abdallah, J. and others",
 collaboration = "DELPHI",
     title     = "{Photon events with missing energy in e+ e- collisions at
                  $\sqrt{s}= 130$~GeV to $209$~GeV}",
     journal   = "Eur. Phys. J. C",
     volume    = "38",
     year      = "2005",
     pages     = "395",
     eprint    = "hep-ex/0406019",
     archivePrefix = "arXiv",
     doi       = "10.1140/epjc/s2004-02051-8",
}
@ARTICLE{baur1,
     AUTHOR        = "{Baur, Uli and Han, T. and Ohnemus, J.}",
     TITLE         = "QCD Corrections to Hadronic $W\gamma$ Production with Non-standard $WW\gamma$ Couplings",
     JOURNAL       = "Phys. Rev. D",
     VOLUME        = "48",
     YEAR          = "1993",
     pages         = "5140",
    eprint	   = "arXiv",
    archivePrefix  = "hep-ph/9305314v1",
    doi		   = "10.1103/PhysRevD.48.5140",
}
@ARTICLE{baur2,
     AUTHOR        = "Baur, Uli and Berger, E.",
     title         = "Probing the Weak-Boson Sector in $Z\gamma$ Production at Hadron Colliders",
     journal       = "Phys. Rev. D",
     volume        = "47",
     year          = "1993",
     pages         = "4889",
     doi           = "10.1103/PhysRevD.47.4889",
     adsurl = {http://adsabs.harvard.edu/abs/1993PhRvD..47.4889B},
}
@article{Alwall:2014hca,
      author         = "Alwall, J. and Frederix, R. and Frixione, S. and Hirschi,
                        V. and Maltoni, F. and Mattelaer, O. and Shao, H. -S. and
                        Stelzer, T. and Torrielli, P. and Zaro, M.",
      title          = "{The automated computation of tree-level and
                        next-to-leading order differential cross sections, and
                        their matching to parton shower simulations}",
      journal        = "JHEP",
      volume         = "07",
      year           = "2014",
      pages          = "079",
      doi            = "10.1007/JHEP07(2014)079",
      eprint         = "1405.0301",
      archivePrefix  = "arXiv",
      primaryClass   = "hep-ph",
      reportNumber   = "CERN-PH-TH-2014-064, CP3-14-18, LPN14-066, MCNET-14-09,
                        ZU-TH-14-14",
      SLACcitation   = "%%CITATION = ARXIV:1405.0301;%%"
}
@ARTICLE{Madgraph,
     author        = "Alwall, J. and Herquet, M. and Maltoni, F. and Mattelaer, O. and Stelzer, T.",
     title         = "MadGraph 5: Going Beyond",
     journal 	 = "JHEP",
     volume = "6",
     pages	= "128",
     year        = "2011",
     eprint       = "arXiv",
    archivePrefix = "1106.0522",
	doi	 = "10.1007/JHEP06(2011)128",
}
@ARTICLE{Madgraph4,
     author = {Alwall, Johan and Demin, Pavel and de Visscher, Simon and Frederix,
	Rikkert and Herquet, Michel and Maltoni, Fabio and Plehn, Tilman,
	and Rainwater, David L. and Stelzer, Tim},
     title         = "{MadGraph/MadEvent} v4: the new web generation",
     journal 	 = "JHEP",
     pages	= "28",
     year        = " 2007",
     eprint       = "arXiv",
    archivePrefix = "0706.2334v1",
	doi	 = "10.1088/1126-6708/2007/09/028",
}
@manual{MCFM,
      author   = "Campbell, J. and Ellis, R. and Williams, C.",
      title    = "MCFM v6.1: A Monte Carlo for FeMtobarn processes at Hadron Colliders",
      year     = "2011",
      url = "http://mcfm.fnal.gov/mcfm.pdf",
}
@article{Sjostrand:2014zea,
      author         = "Sjöstrand, Torbjörn and Ask, Stefan and Christiansen,
                        Jesper R. and Corke, Richard and Desai, Nishita and Ilten,
                        Philip and Mrenna, Stephen and Prestel, Stefan and
                        Rasmussen, Christine O. and Skands, Peter Z.",
      title          = "{An Introduction to PYTHIA 8.2}",
      journal        = "Comput. Phys. Commun.",
      volume         = "191",
      year           = "2015",
      pages          = "159-177",
      doi            = "10.1016/j.cpc.2015.01.024",
      eprint         = "1410.3012",
      archivePrefix  = "arXiv",
      primaryClass   = "hep-ph",
      reportNumber   = "LU-TP-14-36, MCNET-14-22, CERN-PH-TH-2014-190,
                        FERMILAB-PUB-14-316-CD, DESY-14-178, SLAC-PUB-16122",
      SLACcitation   = "%%CITATION = ARXIV:1410.3012;%%"
}
@ARTICLE{kfact,
      author = "Gao, Xiangdong and Li, Chong Sheng and Gao, Jun and Wang, Jian",
      title  = "Next-to-leading order QCD predictions for graviton and photon associated production in the Large Extra Dimensions model at the LHC",
      journal = "Phys. Rev. D",
      volume  = "81",
      year     = "2010",
      pages    = "036008",
      archivePrefix = "arXiv",
      eprint  = "0912.0199",
      doi  = "10.1103/PhysRevD.81.036008",
}
@article{Catani:2015vma,
      author         = "Catani, Stefano and de Florian, Daniel and Ferrera,
                        Giancarlo and Grazzini, Massimiliano",
      title          = "{Vector boson production at hadron colliders:
                        transverse-momentum resummation and leptonic decay}",
      journal        = "JHEP",
      volume         = "12",
      year           = "2015",
      pages          = "047",
      doi            = "10.1007/JHEP12(2015)047",
      eprint         = "1507.06937",
      archivePrefix  = "arXiv",
      primaryClass   = "hep-ph",
      reportNumber   = "ICAS-02-15, TIF-UNIMI-2015-10, ZU-TH-24-15",
      SLACcitation   = "%%CITATION = ARXIV:1507.06937;%%"
}

@techreport{CMS-PAS-EGM-10-006,
      author    = "{CMS Collaboration}",
      collaboration = {CMS},
      title        = "Isolated Photon Reconstruction and Identification at $\sqrt{s}=7$~TeV",
      url   = "http://cdsweb.cern.ch/record/1324545",
      type      = "CMS Physics Analysis Summary",
      number   = "CMS-PAS-EGM-10-006",
      year         = "2011",
}


@techreport{CMS-PAS-JME-13-005,
      author    = "{CMS Collaboration}",
      collaboration = {CMS},
      title        = "Pileup Jet Identification",
      url   = "http://cdsweb.cern.ch/record/1581583",
      type      = "CMS Physics Analysis Summary",
      number   = "CMS-PAS-JME-13-005",
      year         = "2013",
      institution = {CERN}
}
@techreport{CMS-PAS-PFT-09-001,
      author    = "{CMS Collaboration}",
      collaboration  = {CMS},
      title          = "{Particle-Flow Event Reconstruction in CMS and
                        Performance for Jets, Taus, and MET}",
      url = "http://cds.cern.ch/record/1194487",
      type       ="CMS Physics Analysis Summary",
      number   = "CMS-PAS-PFT-09-001",
      year           = "2009",
      institution = {CERN}
}
@techreport{CMS-PAS-PFT-10-002,
      author    = "{CMS Collaboration}",
      collaboration = {CMS},
      title        = "Commissioning of the Particle-Flow Reconstruction in
                      Minimum-Bias and Jet Events from pp Collisions at 7 TeV",
      url = "http://cdsweb.cern.ch/record/1279341",
      type       ="CMS Physics Analysis Summary",
      number = "CMS-PAS-PFT-10-002",
      year         = "2010",
      institution = {CERN}
}
@Unpublished{PDF4LHC,
      author         = "Botje, M. and Butterworth, J. and Cooper-Sarkar, A. and de Roeck, A. and Feltesse, J. and Forte, S. and Glazov, A. and Huston, J. and McNulty, R. and Sj{\"o}strand, Torbjorn and Thorne, Robert",
      title          = "{The PDF4LHC Working Group Interim Recommendations}",
      year           = "2011",
      eprint         = "1101.0538",
      archivePrefix  = "arXiv",
      primaryClass   = "hep-ph",
}
@ARTICLE{MSTW08LO,
     author         = "Martin, A.D. and Stirling, W.J. and Thorne, R.S. and Watt, G.",
      title          = "{Parton distributions for the LHC}",
      journal        = "Eur. Phys. J. C",
      volume         = "63",
      pages          = "189",
      doi            = "10.1140/epjc/s10052-009-1072-5",
      year           = "2009",
      eprint         = "0901.0002",
      archivePrefix  = "arXiv",
      primaryClass   = "hep-ph"
}
@ARTICLE{CTEQ6L1,
     author    = "Pumplin, J. and Stump, D.R. and Huston, J. and Lai, H. and Nadolsky, P. and Tung, W.",
     title     = "{New generation of parton distributions with uncertainties
                  from global QCD analysis}",
     journal   = "JHEP",
     volume    = "07",
     year      = "2002",
     pages     = "012",
     eprint    = "hep-ph/0201195",
     archivePrefix = "arXiv",
     SLACcitation  = "%%CITATION = HEP-PH/0201195;%%",
    doi		= "10.1088/1126-6708/2002/07/012",
}
@ARTICLE{GEANT,
     author = {Agostinelli, S. and others},
     collaboration    = "GEANT4",
     title     = "GEANT4--a simulation toolkit",
     journal   = "Nucl. Instrum. Meth A",
     volume    = "506",
     year      = "2003",
     pages     = "250",
     doi       = "10.1016/S0168-9002(03)01368-8",
}
@ARTICLE{cls,
     author  = "Nakamura, K. and others",
     collaboration = "Particle Data Group",
     title   = "Chapter 33: Statistics",
     journal = "J. Phys. G",
     volume   = "37",
     pages    = "075021",
     year     = "2010",
     doi = "doi:10.1088/0954-3899/37/7A/075021",
}
@ARTICLE{GEANTdev,
      author   = "Allison, J. and others",
      title    = "Geant4 Developments and Applications",
      journal  = "IEEE Trans. Nucl. Sci",
      volume   = "53",
      year     = "2006",
      pages    = "270",
      doi      = "10.1109/TNS.2006.869826",
}
@ARTICLE{Pythia6,
      author   = "Sj{\"{o}}strand, T. and Mrenna, S. and Skands, P. Z.",
      title    = "PYTHIA 6.4 Physics and Manual",
      journal  = "JHEP",
      year     = "2006",
      volume   = "5",
      pages    = "26",
     archivePrefix = "arXiv",
     eprint    = "hep-ph/0603175",
     doi       = "10.1088/1126-6708/2006/05/026",
}
@ARTICLE{JetEnCor2011V2,
     author    = "{CMS Collaboration}",
     title     = "Determination of Jet Energy Calibration and Transverse Momentum Resolution in CMS",
     JOURNAL   = "JINST",
     year      = "2011",
     volume    = "06",
     pages     = "11002",
     doi       = "10.1088/1748-0221/6/11/P11002",
     archivePrefix = "arXiv",
     eprint = "1107.4277",
}
@ARTICLE{JME-10-009,
   author = {{CMS Collaboration}},
    title = "{Missing transverse energy performance of the CMS detector}",
  journal = "JINST",
archivePrefix = "arXiv",
   eprint = {1106.5048},
 primaryClass = "physics.ins-det",
     year = 2011,
    volume = "06",
    pages  = "9001",
   doi    = "10.1088/1748-0221/6/09/P09001",
}
@article{Cacciari:2008gp,
	author = "Cacciari, Matteo and Salam, Gavin P. and Soyez, Gregory",
	title = "{The anti-k$_{\text{t}}$ jet clustering algorithm}",
	journal = "JHEP",
	volume = "04",
	pages = "063",
	doi = "10.1088/1126-6708/2008/04/063",
	year = "2008",
	eprint = "0802.1189", archivePrefix = "arXiv", primaryClass = "hep-ph",
}

@article{Monojet2012,
      author         = "Chatrchyan, Serguei and others",
      title          = "{Search for dark matter and large extra dimensions in
                        monojet events in $pp$ collisions at $\sqrt{s}=7$ TeV}",
      collaboration  = "CMS Collaboration",
      journal        = "JHEP",
      volume         = "1209",
      pages          = "094",
      doi            = "10.1007/JHEP09(2012)094",
      year           = "2012",
      eprint         = "1206.5663",
      archivePrefix  = "arXiv",
      primaryClass   = "hep-ex",
      reportNumber   = "CMS-EXO-11-059, CERN-PH-EP-2012-168",
      SLACcitation   = "%%CITATION = ARXIV:1206.5663;%%",
}


@article{EXO-11-003,
    author = {Chatrchyan, S. and others},
	collaboration = "CMS",
	title = "Search for New Physics with a Monojet and Missing Transverse Energy in pp Collisions at $\sqrt{s}=7$~TeV",
	journal = "Phys. Rev. Lett.",
	volume = "107",
	pages = "201804",
	year = "2011",
	eprint = "1106.4775",
	archivePrefix = "arXiv",
	doi = "10.1103/PhysRevLett.107.201804",
}
@article{ATLASJET,
    author = "Aad, G. and others",
	collaboration = "ATLAS",
	title = "Search for new phenomena with the monojet and missing transverse momentum signature using the ATLAS detector in $\sqrt{s}=$ 7 TeV proton-proton collisions",
	journal = "Phys. Lett. B",
	volume = "705",
	pages = "294",
	year = "2011",
	eprint = "1106.5327",
	archivePrefix = "arXiv",
	doi = "10.1016/j.physletb.2011.10.006",
}
@article{Khachatryan:2010xn,
      author         = "Khachatryan, Vardan and others",
      title          = "{Measurements of Inclusive $W$ and $Z$ Cross Sections in
                        $pp$ Collisions at $\sqrt{s}=7$ TeV}",
      collaboration  = "CMS",
      journal        = "JHEP",
      volume         = "01",
      year           = "2011",
      pages          = "080",
      doi            = "10.1007/JHEP01(2011)080",
      eprint         = "1012.2466",
      archivePrefix  = "arXiv",
      primaryClass   = "hep-ex",
      reportNumber   = "CERN-PH-EP-2010-050, CMS-EWK-10-002",
      SLACcitation   = "%%CITATION = ARXIV:1012.2466;%%"
}
@article{Vgamma,
      author = {Chatrchyan, S. and others},
	  collaboration = "CMS",
      title          = "{Measurement of W-gamma and Z-gamma production in pp
                        collisions at $\sqrt{s}=$7 TeV}",
      journal        = "Phys. Lett. B",
      volume         = "701",
      pages          = "535",
      year           = "2011",
      eprint         = "1105.2758",
      archivePrefix  = "arXiv",
      primaryClass   = "hep-ex",
      doi            = "10.1016/j.physletb.2011.06.034",
}
@article{DMTeva,
      author	     = "Bai, Y. and Fox, P. J. and Harnik, R.",
      title          = "The Tevatron at the Frontier of Dark Matter Direct Detection",
      journal        = "JHEP",
      volume      = "12",
      year 	     = "2010",
      pages          = "048",
      doi    	     = "10.1007/JHEP12(2010)048",
      archivePrefix  = "arXiv",
      eprint         = "1005.3797v2",
}
@article{CDFdm,
	author = "{CDF Collaboration}",
	title = "A search for dark matter in events with one jet and missing transverse energy in pp-bar collisions at sqrt(s) = 1.96 TeV",
	archivePrefix = "arXiv",
	eprint = "1203.0742",
	year = "2012",
    note = "Submitted to \textit{Phys. Rev. Lett.}"
}
@article{DMLHC,
      author         = "Fox, P. J. and Harnik, R. and Kopp, J. and Tsai, Y.",
      title	     = "Missing Energy Signatures of Dark Matter at the LHC",
      archivePrefix  = "arXiv",
      eprint         = "1109.4398",
	year         = "2011",
}
@Unpublished{unitarity,
    author   = "Shoemaker, I. and Vecchi, L.",
    title        = "Unitarity and Monojet Bounds on Models for {DAMA}, {CoGeNT}, and {CRESST-II}",
    archivePrefix = "arXiv",
    eprint     = "1112.5457",
    year = "2011",
}
@article{CDMS1,
      author 		= "Ahmed, Z. and others",
      collaboration = "CDMS",
      title		= "Results from a Low-Energy Analysis of the CDMS II Germanium Data",
      journal   	= "Phys. Rev. Lett.",
      volume 		= "106",
      year   		= "2011",
       pages            = "131302",
      doi 		= "10.1103/PhysRevLett.106.131302",
      archivePrefix	= "arXiv",
      eprint		= "1011.2482v3",
}
@article{CDMS2,
	author		= "{CDMS II Collaboration}",
	title 		= "Dark Matter Search Results from the CDMS II Experiment",
	journal		= "Science",
	volume		= "327",
	pages		= "1619",
	year		= "2010",
 	doi		= "10.1126/science.1186112",	
	url = "http://www.sciencemag.org/content/327/5973/1619",
}
@article{XENON100,
      author 		= "Aprile, E. and others",
      collaboration = "XENON100",
      title		= "Dark Matter Results from 100 Live Days of XENON100 Data",
      journal   	= "Phys. Rev. Lett.",
      volume 		= "107",
      year   		= "2011",
       pages            = "131302",
      doi 		= "10.1103/PhysRevLett.107.131302",
      archivePrefix	= "arXiv",
      eprint		= "1104.2549v3",
}
@article{PICASSO,
      author 		= "Archambault, S. and others",
      title		= "Dark Matter Spin-dependent Limits for WIMP Interactions on 19-F by PICASSO ",
      journal   	= "Phys. Lett. B",
      volume 		= "682",
      year   		= "2009",
      pages            = "185",
      archivePrefix	= "arXiv",
      eprint		= "0907.0307v2",
       	doi		= "10.1016/j.physletb.2009.11.019",	
}
@article{COUPP,
      author 		= "Behnke, E. and others",
      title		= "Improved Limits on Spin-dependent WIMP-Proton Interactions from a Two Liter CF$_{3}$ Bubble Chamber ",
      journal   	= "Phys. Rev. Lett.",
      volume 		= "106",
      year   		= "2011",
       pages            = "021303",
      archivePrefix	= "arXiv",
      eprint		= "1008.3518v2",
       	doi		= "10.1103/PhysRevLett.106.021303",	
}
@article{COGENT,
      author 		= "Aalseth, C. E. and others",
      collaboration = "CoGeNT",
      title		= "Results from a Search for Light-Mass Dark Matter with a $p$-Type Point Contact Germanium Detector ",
      journal   	= "Phys. Rev. Lett.",
      volume 		= "106",
      year   		= "2011",
       pages            = "131301",
      archivePrefix	= "arXiv",
      eprint		= "1002.4703v1 ",
       	doi		= "10.1103/PhysRevLett.106.131301",	
}
@techreport{EGM-10-004,
     author   = "{CMS Collaboration}",
     collaboration = {CMS},
     title        = "Electron Reconstruction and Identification at $\sqrt{s}$ = 7~TeV",
     url = "http://cdsweb.cern.ch/record/1299116",
     type = "CMS Physics Analysis Summary",
     number = "CMS-PAS-EGM-10-004",
     year         = "2010",
}
@article{DMGeneral,
    author    = "Gaitskell, R.",
    title     = "Direct Detection of Dark Matter",
    journal   = "Annual Review of Nuclear and Particle Science",
    volume    = "54",
    year      = "2004",
    doi       = "10.1146/annurev.nucl.54.070103.181244",
}
@techreport{EGM-10-012,
      author       = "{CMS Collaboration}",
      collaboration = {CMS},
      title        = "Electromagnetic calorimeter commissioning and first results with 7 TeV data",
      type = "CMS Physics Analysis Summary",
      number      = "CMS-NOTE-2010-012",
      year         = "2010",
     url           = "http://cdsweb.cern.ch/record/1278160",
}
@article{Khachatryan:2015iwa,
      author         = "Khachatryan, Vardan and others",
      title          = "{Performance of Photon Reconstruction and Identification
                        with the CMS Detector in Proton-Proton Collisions at
                        sqrt(s) = 8 TeV}",
      collaboration  = "CMS",
      journal        = "JINST",
      volume         = "10",
      year           = "2015",
      number         = "08",
      pages          = "P08010",
      doi            = "10.1088/1748-0221/10/08/P08010",
      eprint         = "1502.02702",
      archivePrefix  = "arXiv",
      primaryClass   = "physics.ins-det",
      reportNumber   = "CMS-EGM-14-001, CERN-PH-EP-2015-006",
      SLACcitation   = "%%CITATION = ARXIV:1502.02702;%%"
}
@article{ICECUBE,
	author 	= "Abbasi, R. and others",
	collaboration = "IceCube",
	title = "Multiyear search for dark matter annihilations in the Sun with the AMANDA II and IceCube detectors",
	journal = "Phys. Rev. D",
	year = "2012",
	volume = "85",
	pages = "042002",
	arxivPrefix = "arXiv",
	eprint = "1112.1840",
	doi = "10.1103/PhysRevD.85.042002",
}
@article{SUPERK,
	author = "Tanaka, T. and others",
	title = "An Indirect Search for Weakly Interacting Massive Particles in the Sun Using 3109.6 Days of Upward-going Muons in Super-Kamiokande",
	journal = "Astrophys. J.",
	year = "2011",
	volume = "742",
	pages = "78",
	arxivPrefix = "arXiv",
	eprint = "1108.3384",
	doi = "10.1088/0004-637X/742/2/78",
}
@article{SIMPLE1,
	author = {Felizardo, M. and Morlat, T. and Fernandes, A. C. and Girard, T. A. and Marques, J. G. and Ramos, A. R. and Auguste, M. and Boyer, D. and Cavaillou, A. and Sudre, C. and Poupeney, J. and Payne, R. F. and Miley, H. S. and Puibasset, J.},
	collaboration = {SIMPLE},
	title = "First Results of the Phase II SIMPLE Dark Matter Search",
	journal = "Phys. Rev. Lett.",
	volume = {105},
	pages = "211301",
	year = "2010",
	doi = "10.1103/PhysRevLett.105.211301",
note = "A more recent update can be found in \href{http://arxiv.org/abs/1106.3014}{arXiv:1106.3014}",
}
    archivePrefix = "arXiv",
	eprint = "1003.2987",

@Unpublished{SIMPLE2,
	author = {{Felizardo}, M. and {Girard}, T. and {Morlat}, T. and {Fernandes}, A.~C. and
	{Giuliani}, F. and {Ramos}, A.~R. and {Marques}, J.~G. and {Auguste}, M. and
	{Boyer}, D. and {Cavaillou}, A. and {Poupeney}, J. and {Sudre}, C. and
	{Puibasset}, J. and {Miley}, H.~S. and {Payne}, R.~F. and {Carvalho}, F.~P. and
	{Prud{\^e}ncio}, M.~I. and {Marques}, R.},
	collaboration = "SIMPLE",
	title = "Final Analysis and Results of the Phase II SIMPLE Dark Matter Search",
	archivePrefix = "arXiv",
	eprint = "1106.3014",
	year = "2011",
}

@article{sundrum,
      author         = "Sundrum, Raman",
      title          = "{Effective field theory for a three-brane universe}",
      journal        = "Phys.Rev.",
      volume         = "D59",
      pages          = "085009",
      doi            = "10.1103/PhysRevD.59.085009",
      year           = "1999",
      eprint         = "hep-ph/9805471",
      archivePrefix  = "arXiv",
      primaryClass   = "hep-ph",
      reportNumber   = "BUHEP-98-13",
      SLACcitation   = "%%CITATION = HEP-PH/9805471;%%",
}

@article{dobado,
      author         = "Dobado, Antonio and Maroto, Antonio Lopez",
      title          = "{The Dynamics of the Goldstone bosons on the brane}",
      journal        = "Nucl.Phys.",
      volume         = "B592",
      pages          = "203-218",
      doi            = "10.1016/S0550-3213(00)00574-5",
      year           = "2001",
      eprint         = "hep-ph/0007100",
      archivePrefix  = "arXiv",
      primaryClass   = "hep-ph",
      reportNumber   = "CERN-TH-2000-195",
      SLACcitation   = "%%CITATION = HEP-PH/0007100;%%",
}

@article{cembranos1,
      author         = "Cembranos, J.A.R. and Dobado, A. and Maroto, Antonio
                        Lopez",
      title          = "{Brane skyrmions and wrapped states}",
      journal        = "Phys.Rev.",
      volume         = "D65",
      pages          = "026005",
      doi            = "10.1103/PhysRevD.65.026005",
      year           = "2002",
      eprint         = "hep-ph/0106322",
      archivePrefix  = "arXiv",
      primaryClass   = "hep-ph",
      SLACcitation   = "%%CITATION = HEP-PH/0106322;%%",
}
@article{cembranos2,
      author         = "Cembranos, J.A.R. and Dobado, A. and Maroto, Antonio
                        Lopez",
      title          = "{Branon search in hadronic colliders}",
      journal        = "Phys.Rev.",
      volume         = "D70",
      pages          = "096001",
      doi            = "10.1103/PhysRevD.70.096001",
      year           = "2004",
      eprint         = "hep-ph/0405286",
      archivePrefix  = "arXiv",
      primaryClass   = "hep-ph",
      SLACcitation   = "%%CITATION = HEP-PH/0405286;%%",
}

@article{cembranos3,
      author         = "Cembranos, Jose A. R. and Delgado, Rafael L. and Dobado,
                        Antonio",
      title          = "{Brane-Worlds at the LHC: Branons and KK-gravitons}",
      journal        = "Phys.Rev.",
      volume         = "D88",
      pages          = "075021",
      doi            = "10.1103/PhysRevD.88.075021",
      year           = "2013",
      eprint         = "1306.4900",
      archivePrefix  = "arXiv",
      primaryClass   = "hep-ph",
      SLACcitation   = "%%CITATION = ARXIV:1306.4900;%%",
}

@article{l3,
      author         = "Achard, P. and others",
      title          = "{Search for branons at LEP}",
      collaboration  = "L3 Collaboration",
      journal        = "Phys.Lett.",
      volume         = "B597",
      pages          = "145-154",
      doi            = "10.1016/j.physletb.2004.07.014",
      year           = "2004",
      eprint         = "hep-ex/0407017",
      archivePrefix  = "arXiv",
      primaryClass   = "hep-ex",
      reportNumber   = "CERN-PH-EP-2004-016",
      SLACcitation   = "%%CITATION = HEP-EX/0407017;%%",
}

@article{Denner:2014bna,
      author         = "Denner, Ansgar and Dittmaier, Stefan and Hecht, Markus
                        and Pasold, Christian",
      title          = "{NLO QCD and electroweak corrections to W+$\gamma$
                        production with leptonic W-boson decays}",
      journal        = "JHEP",
      volume         = "04",
      year           = "2015",
      pages          = "018",
      doi            = "10.1007/JHEP04(2015)018",
      eprint         = "1412.7421",
      archivePrefix  = "arXiv",
      primaryClass   = "hep-ph",
      reportNumber   = "FR-PHENO-2014-014",
      SLACcitation   = "%%CITATION = ARXIV:1412.7421;%%"
}

@article{Denner:2015fca,
      author         = "Denner, Ansgar and Dittmaier, Stefan and Hecht, Markus
                        and Pasold, Christian",
      title          = "{NLO QCD and electroweak corrections to $Z+\gamma$
                        production with leptonic Z-boson decays}",
      journal        = "JHEP",
      volume         = "02",
      year           = "2016",
      pages          = "057",
      doi            = "10.1007/JHEP02(2016)057",
      eprint         = "1510.08742",
      archivePrefix  = "arXiv",
      primaryClass   = "hep-ph",
      reportNumber   = "FR-PHENO-2015-012",
      SLACcitation   = "%%CITATION = ARXIV:1510.08742;%%"
}
\end{thebibliography}{9}
